@article{cohen2017does,
  title={Where does EEG come from and what does it mean?},
  author={Cohen, Michael X},
  journal={Trends in neurosciences},
  volume={40},
  number={4},
  pages={208--218},
  year={2017},
  publisher={Elsevier}
}
@article{suppes1997brain,
  title={Brain wave recognition of words},
  author={Suppes, Patrick and Lu, Zhong-Lin and Han, Bing},
  journal={Proceedings of the National Academy of Sciences},
  volume={94},
  number={26},
  pages={14965--14969},
  year={1997},
  publisher={National Acad Sciences}
}
@article{denby2010silent,
  title={Silent speech interfaces},
  author={Denby, Bruce and Schultz, Tanja and Honda, Kiyoshi and Hueber, Thomas and Gilbert, Jim M and Brumberg, Jonathan S},
  journal={Speech Communication},
  volume={52},
  number={4},
  pages={270--287},
  year={2010},
  publisher={Elsevier}
}
@masterthesis{marek,
  author={Marek Wester}, 
  title={Unspoken Speech Speech Recognition Based On Electroencephalography},
  school={Universit\Â¨at Karlsruhe},
  year={2006},
  month={7}
}
@article{porbadnigk2009eeg,
  title={EEG-based speech recognition impact of temporal effects},
  author={Porbadnigk, Anne and Wester, Marek and Jan-p Calliess, Tanja Schultz},
  year={2009},
  publisher={Citeseer}
}
@inproceedings{d2009toward,
  title={Toward EEG sensing of imagined speech},
  author={D'Zmura, Michael and Deng, Siyi and Lappas, Tom and Thorpe, Samuel and Srinivasan, Ramesh},
  booktitle={International Conference on Human-Computer Interaction},
  pages={40--48},
  year={2009},
  organization={Springer}
}
@inproceedings{dasalla2009spatial,
  title={Spatial filtering and single-trial classification of EEG during vowel speech imagery},
  author={DaSalla, Charles S and Kambara, Hiroyuki and Koike, Yasuharu and Sato, Makoto},
  booktitle={Proceedings of the 3rd International Convention on Rehabilitation Engineering \& Assistive Technology},
  pages={27},
  year={2009},
  organization={ACM}
}
@article{torres2013analisis,
  title={An{\'a}lisis de se{\~n}ales electroencefalogr{\'a}ficas para la clasificaci{\'o}n de habla imaginada},
  author={Torres-Garc{\'\i}a, AA and Reyes-Garc{\'\i}a, CA and Villase{\~n}or-Pineda, L and Ram{\'\i}rez-Cort{\'e}s, JM},
  journal={Revista mexicana de ingenier{\'\i}a biom{\'e}dica},
  volume={34},
  number={1},
  pages={23--39},
  year={2013},
  publisher={Sociedad Mexicana de Ingenier{\'\i}a Biom{\'e}dica}
}
@article{torres2016implementing,
  title={Implementing a fuzzy inference system in a multi-objective EEG channel selection model for imagined speech classification},
  author={Torres-Garc{\'\i}a, Alejandro A and Reyes-Garc{\'\i}a, Carlos A and Villase{\~n}or-Pineda, Luis and Garc{\'\i}a-Aguilar, Gregorio},
  journal={Expert Systems with Applications},
  volume={59},
  pages={1--12},
  year={2016},
  publisher={Elsevier}
}
@article{salinas2017bag,
  title={Bag of features for imagined speech classification in electroencephalograms},
  author={Salinas, Jesus Salvador Garcia},
  year={2017}
}
@inproceedings{coretto2017open,
  title={Open access database of EEG signals recorded during imagined speech},
  author={Coretto, Germ{\'a}n A Pressel and Gareis, Iv{\'a}n E and Rufiner, H Leonardo},
  booktitle={12th International Symposium on Medical Information Processing and Analysis},
  volume={10160},
  pages={1016002},
  year={2017},
  organization={International Society for Optics and Photonics}
}
@inproceedings{zhao2015classifying,
  title={Classifying phonological categories in imagined and articulated speech},
  author={Zhao, Shunan and Rudzicz, Frank},
  booktitle={2015 IEEE International Conference on Acoustics, Speech and Signal Processing (ICASSP)},
  pages={992--996},
  year={2015},
  organization={IEEE}
}
@incollection{zhao2013combining,
  title={Combining Different Modalities in Classifying Phonological Categories},
  author={Zhao, Shunan and Rudzicz, Frank},
  booktitle={Machine Learning and Interpretation in Neuroimaging},
  pages={40--48},
  year={2013},
  publisher={Springer}
}
@mastersthesis{yazaed,
  author={Yazaed Zaid Guadarrama Rend\'on}, 
  title={Procesamiento de se\~nales EEG para el reconocimiento de voz imaginada},
  school={Centro de Investigaci\'on en Computaci\'on, Instituto Polit\'ecnico Nacional},
  year={2018},
  month={6}
}
@article{dasalla2009single,
  title={Single-trial classification of vowel speech imagery using common spatial patterns},
  author={DaSalla, Charles S and Kambara, Hiroyuki and Sato, Makoto and Koike, Yasuharu},
  journal={Neural networks},
  volume={22},
  number={9},
  pages={1334--1339},
  year={2009},
  publisher={Elsevier}
}
@inproceedings{coretto2017open,
  title={Open access database of EEG signals recorded during imagined speech},
  author={Coretto, Germ{\'a}n A Pressel and Gareis, Iv{\'a}n E and Rufiner, H Leonardo},
  booktitle={12th International Symposium on Medical Information Processing and Analysis},
  volume={10160},
  pages={1016002},
  year={2017},
  organization={International Society for Optics and Photonics}
}
@misc{karaone, 
  title={The KARA ONE database}, 
  howpublished={\url{http://www.cs.toronto.edu/~complingweb/data/karaOne/karaOne.html}}, 
  note={Last access: 2019-11-03}
}
@misc{brainliner, 
  title={Brainliner Speech Imagery Dataset}, 
  howpublished={\url{http://www.brainliner.jp/data/brainliner/speechImageryDataset}}, 
  note={Last access: 2019-11-03}
}
@misc{sinci, 
  title={SINCI Database}, 
  howpublished={\url{https://drive.google.com/file/d/0By7apHbIp8ENZVBLRFVlSFhzbHc/view}}, 
  note={Last access: 2019-11-03}
}
@article{pizzagalli2007electroencephalography,
  title={Electroencephalography and high-density electrophysiological source localization},
  author={Pizzagalli, Diego A and others},
  journal={Handbook of psychophysiology},
  volume={3},
  pages={56--84},
  year={2007}
}


@article{delorme2004eeglab,
  title={EEGLAB: an open source toolbox for analysis of single-trial EEG dynamics including independent component analysis},
  author={Delorme, Arnaud and Makeig, Scott},
  journal={Journal of neuroscience methods},
  volume={134},
  number={1},
  pages={9--21},
  year={2004},
  publisher={Elsevier}
}
@article{rabiner1975algorithm,
  title={An algorithm for determining the endpoints of isolated utterances},
  author={Rabiner, Lawrence R and Sambur, Marvin R},
  journal={Bell System Technical Journal},
  volume={54},
  number={2},
  pages={297--315},
  year={1975},
  publisher={Wiley Online Library}
}
@article{walden1998phase,
  title={The phase--corrected undecimated discrete wavelet packet transform and its application to interpreting the timing of events},
  author={Walden, Andrew T and Cristan, A Contreras},
  journal={Proceedings of the Royal Society of London. Series A: Mathematical, Physical and Engineering Sciences},
  volume={454},
  number={1976},
  pages={2243--2266},
  year={1998},
  publisher={The Royal Society}
}
@article{d2003epileptic,
  title={Epileptic seizure prediction using hybrid feature selection over multiple intracranial EEG electrode contacts: a report of four patients},
  author={D'Alessandro, Maryann and Esteller, Rosana and Vachtsevanos, George and Hinson, Arthur and Echauz, Javier and Litt, Brian},
  journal={IEEE transactions on biomedical engineering},
  volume={50},
  number={5},
  pages={603--615},
  year={2003},
  publisher={IEEE}
}
@misc{pca, 
  title={Importance of Feature Scaling}, 
  howpublished={\url{https://scikit-learn.org/stable/auto_examples/preprocessing/plot_scaling_importance.html#sphx-glr-auto-examples-preprocessing-plot-scaling-importance-py}}, 
  note={Last access: 2019-11-03}
}
@article{petro2019selection,
  title={Selection and Optimization of Temporal Spike Encoding Methods for Spiking Neural Networks},
  author={Petro, Balint and Kasabov, Nikola and Kiss, Rita M},
  journal={IEEE transactions on neural networks and learning systems},
  year={2019},
  publisher={IEEE}
}
@article{kasabov2016evolving,
  title={Evolving spatio-temporal data machines based on the NeuCube neuromorphic framework: design methodology and selected applications},
  author={Kasabov, Nikola and Scott, Nathan Matthew and Tu, Enmei and Marks, Stefan and Sengupta, Neelava and Capecci, Elisa and Othman, Muhaini and Doborjeh, Maryam Gholami and Murli, Norhanifah and Hartono, Reggio and others},
  journal={Neural Networks},
  volume={78},
  pages={1--14},
  year={2016},
  publisher={Elsevier}
}
@inproceedings{schrauwen2003bsa,
  title={BSA, a fast and accurate spike train encoding scheme},
  author={Schrauwen, Benjamin and Van Campenhout, Jan},
  booktitle={Proceedings of the International Joint Conference on Neural Networks, 2003.},
  volume={4},
  pages={2825--2830},
  year={2003},
  organization={IEEE}
}
@article{kasabov2014neucube,
  title={NeuCube: A spiking neural network architecture for mapping, learning and understanding of spatio-temporal brain data},
  author={Kasabov, Nikola K},
  journal={Neural Networks},
  volume={52},
  pages={62--76},
  year={2014},
  publisher={Elsevier}
}
@inproceedings{nuntalid2011eeg,
  title={EEG classification with BSA spike encoding algorithm and evolving probabilistic spiking neural network},
  author={Nuntalid, Nuttapod and Dhoble, Kshitij and Kasabov, Nikola},
  booktitle={International conference on neural information processing},
  pages={451--460},
  year={2011},
  organization={Springer}
}
@article{storn1997differential,
  title={Differential evolution--a simple and efficient heuristic for global optimization over continuous spaces},
  author={Storn, Rainer and Price, Kenneth},
  journal={Journal of global optimization},
  volume={11},
  number={4},
  pages={341--359},
  year={1997},
  publisher={Springer}
}
@inproceedings{vazquez2010pattern,
  title={Pattern recognition using spiking neurons and firing rates},
  author={V{\'a}zquez, Roberto A},
  booktitle={Ibero-American Conference on Artificial Intelligence},
  pages={423--432},
  year={2010},
  organization={Springer}
}
@inproceedings{vazquez2011training,
  title={Training spiking neurons by means of particle swarm optimization},
  author={V{\'a}zquez, Roberto A and Garro, Beatriz A},
  booktitle={International Conference in Swarm Intelligence},
  pages={242--249},
  year={2011},
  organization={Springer}
}
@misc{brownlee, 
title={What is the Difference Between Test and Validation Datasets?}, 
howpublished={\url{https://machinelearningmastery.com/difference-test-validation-datasets/}}, 
note={Last access: 2019-11-03},
author={Brownlee, Jason}, 
year={2017}, 
month={Jul}
}
@article{forman2010apples,
  title={Apples-to-apples in cross-validation studies: pitfalls in classifier performance measurement},
  author={Forman, George and Scholz, Martin},
  journal={ACM SIGKDD Explorations Newsletter},
  volume={12},
  number={1},
  pages={49--57},
  year={2010},
  publisher={ACM}
}
@article{izhikevich2004model,
  title={Which model to use for cortical spiking neurons?},
  author={Izhikevich, Eugene M},
  journal={IEEE transactions on neural networks},
  volume={15},
  number={5},
  pages={1063--1070},
  year={2004},
  publisher={Ieee}
}
@misc{izhikevichweb1, 
title={Which Model to Use for Cortical Spiking Neurons?}, 
howpublished={\url{https://www.izhikevich.org/publications/whichmod.htm#izhikevich}}, 
note={Last access: 2019-11-03},
author={Izhikevich, Eugene M.}, 
year={2004}
}
@article{izhikevich2003simple,
  title={Simple model of spiking neurons},
  author={Izhikevich, Eugene M},
  journal={IEEE Transactions on neural networks},
  volume={14},
  number={6},
  pages={1569--1572},
  year={2003},
  publisher={IEEE}
}
@misc{izhikevichweb2, 
title={Simple Model of Spiking Neurons}, 
howpublished={\url{https://www.izhikevich.org/publications/spikes.htm}}, 
note={Last access: 2019-11-03},
author={Izhikevich, Eugene M.}, 
year={2003}
}
@phdthesis{stephanie,
  author={St\'ephanie Martin}, 
  title={Understanding and Decoding Imagined Speech using Electrocorticographic Recordings in Humans},
  school={\'Ecole Polytechnique F\'ed\'erale de Lausanne},
  year={2017},
  month={7}
}
@inproceedings{makeig1996independent,
  title={Independent component analysis of electroencephalographic data},
  author={Makeig, Scott and Bell, Anthony J and Jung, Tzyy-Ping and Sejnowski, Terrence J},
  booktitle={Advances in neural information processing systems},
  pages={145--151},
  year={1996}
}
@article{samar1999wavelet,
  title={Wavelet analysis of neuroelectric waveforms: a conceptual tutorial},
  author={Samar, Vincent J and Bopardikar, Ajit and Rao, Raghuveer and Swartz, Kenneth},
  journal={Brain and language},
  volume={66},
  number={1},
  pages={7--60},
  year={1999},
  publisher={Elsevier}
}
@article{bashivan2015learning,
  title={Learning representations from EEG with deep recurrent-convolutional neural networks},
  author={Bashivan, Pouya and Rish, Irina and Yeasin, Mohammed and Codella, Noel},
  journal={arXiv preprint arXiv:1511.06448},
  year={2015}
}
@inproceedings{tan2017multimodal,
  title={Multimodal classification with deep convolutional-recurrent neural networks for electroencephalography},
  author={Tan, Chuanqi and Sun, Fuchun and Zhang, Wenchang and Chen, Jianhua and Liu, Chunfang},
  booktitle={International Conference on Neural Information Processing},
  pages={767--776},
  year={2017},
  organization={Springer}
}
@inproceedings{hajinoroozi2017deep,
  title={Deep transfer learning for cross-subject and cross-experiment prediction of image rapid serial visual presentation events from eeg data},
  author={Hajinoroozi, Mehdi and Mao, Zijing and Lin, Yuan-Pin and Huang, Yufei},
  booktitle={International Conference on Augmented Cognition},
  pages={45--55},
  year={2017},
  organization={Springer}
}