@article{gardner1970mathematical,
	title={Mathematical games},
	author={Gardner, Martin},
	journal={Scientific American},
	volume={222},
	number={6},
	pages={132--140},
	year={1970},
	publisher={JSTOR}
}

@article{cook2004universality,
	title={Universality in elementary cellular automata},
	author={Cook, Matthew},
	journal={Complex systems},
	volume={15},
	number={1},
	pages={1--40},
	year={2004},
	publisher={Champaign, IL, USA: Complex Systems Publications, Inc., c1987-}
}

@article{toffoli1984cellular,
	title={Cellular automata as an alternative to (rather than an approximation of) differential equations in modeling physics},
	author={Toffoli, Tommaso},
	journal={Physica D: Nonlinear Phenomena},
	volume={10},
	number={1-2},
	pages={117--127},
	year={1984},
	publisher={Elsevier}
}

@article{hillis1984connection,
	title={The connection machine: A computer architecture based on cellular automata},
	author={Hillis, W Daniel},
	journal={Physica D: Nonlinear Phenomena},
	volume={10},
	number={1-2},
	pages={213--228},
	year={1984},
	publisher={Elsevier}
}

@article{nordahl1989formal,
	title={Formal languages and finite cellular automata},
	author={Nordahl, Mats G},
	journal={Complex Systems},
	volume={3},
	number={1},
	year={1989}
}

@article{culik1990computation,
	title={Computation theoretic aspects of cellular automata},
	author={Culik II, K and Hurd, Lyman P and Yu, Sheng},
	journal={Physica D: Nonlinear Phenomena},
	volume={45},
	number={1-3},
	pages={357--378},
	year={1990},
	publisher={Elsevier}
}

@article{simon1998simplified,
	title={Simplified cellular automaton model for city traffic},
	author={Simon, PM and Nagel, Kai},
	journal={Physical Review E},
	volume={58},
	number={2},
	pages={1286},
	year={1998},
	publisher={APS}
}

@inproceedings{tamayo1987cellular,
	title={Cellular Automata, Reaction-Diffusion Systems, and the Origin of Life.},
	author={Tamayo, Pablo and Hartman, Hyman},
	booktitle={ALIFE},
	pages={105--124},
	year={1987}
}

@article{boerlijstk,
	title={k Hogeweg, P.(1992). Self-Structuring and Selection: Spiral Waves as a Substrate for Prebiotic Evolution},
	author={Boerlijst, M},
	journal={Artificial Life II. Addison Wesley, Reading, Mass},
	pages={255},
	year={1992}
}

@article{margolus1986cellular,
	title={Cellular-automata supercomputers for fluid-dynamics modeling},
	author={Margolus, Norman and Toffoli, Tommaso and Vichniac, Gerard},
	journal={Physical Review Letters},
	volume={56},
	number={16},
	pages={1694},
	year={1986},
	publisher={APS}
}

@article{vichniac1984simulating,
	title={Simulating physics with cellular automata},
	author={Vichniac, G{\'e}rard Y},
	journal={Physica D: Nonlinear Phenomena},
	volume={10},
	number={1-2},
	pages={96--116},
	year={1984},
	publisher={Elsevier}
}

@book{manneville2012cellular,
	title={Cellular Automata and Modeling of Complex Physical Systems: Proceedings of the Winter School, Les Houches, France, February 21--28, 1989},
	author={Manneville, Paul and Boccara, Nino and Vichniac, G{\'e}rard Y and Bidaux, Roger},
	volume={46},
	year={2012},
	publisher={Springer Science \& Business Media}
}

@article{ermentrout1993cellular,
	title={Cellular automata approaches to biological modeling},
	author={Ermentrout, G Bard and Edelstein-Keshet, Leah},
	journal={Journal of theoretical Biology},
	volume={160},
	number={1},
	pages={97--133},
	year={1993},
	publisher={Elsevier}
}

@incollection{kawaharada2016cellular,
	title={Cellular automata automatically constructed from a bioconvection pattern},
	author={Kawaharada, Akane and Shoji, Erika and Nishimori, Hiraku and Awazu, Akinori and Izumi, Shunsuke and Iima, Makoto},
	booktitle={Recent Advances in Natural Computing},
	pages={15--25},
	year={2016},
	publisher={Springer}
}

@article{naghibi2016discovery,
	title={Discovery of Transition Rules for Cellular Automata Using Artificial Bee Colony and Particle Swarm Optimization Algorithms in Urban Growth Modeling},
	author={Naghibi, Fereydoun and Delavar, Mahmoud},
	journal={ISPRS International Journal of Geo-Information},
	volume={5},
	number={12},
	pages={241},
	year={2016},
	publisher={Multidisciplinary Digital Publishing Institute}
}

@article{bidlo2016routine,
	title={On routine evolution of complex cellular automata},
	author={Bidlo, Michal},
	journal={IEEE Transactions on Evolutionary Computation},
	volume={20},
	number={5},
	pages={742--754},
	year={2016},
	publisher={IEEE}
}

@book{2002:NKS:513738,
	title = {A New Kind of Science},
	year = {2002},
	isbn = {1-57955-008-8},
	publisher = {Wolfram Media Inc.},
	address = {Champaign, Ilinois, US, United States},
	key = {{$\!\!$}} ,
}
@book{ilachinski2001cellular,
	title={Cellular automata: a discrete universe},
	author={Ilachinski, Andrew},
	year={2001},
	publisher={World Scientific Publishing Company}
}

@article{DESHPANDE199875,
	title = {A Greedy Randomized Adaptive Search Procedure (GRASP) for inferring logical clauses from examples in polynomial time and some extensions},
	journal = {Mathematical and Computer Modelling},
	volume = {27},
	number = {1},
	pages = {75 - 99},
	year = {1998},
	issn = {0895-7177},
	doi = {https://doi.org/10.1016/S0895-7177(97)00255-0},
	url = {http://www.sciencedirect.com/science/article/pii/S0895717797002550},
	author = {A.S Deshpande and E Triantaphyllou}
}